@article{Web2,
	title = {Web 2.0},
	volume = {},
	url = {https://en.wikipedia.org/wiki/Web_2.0},
	number = {},
	urldate = {2017-12-20},
	journal = {},
	author = {},
	year = {},
	pages = {},
	file = {}
}
@article{Gas,
	title = {MQ Gas sensors},
	volume = {},
	url = {https://playground.arduino.cc/Main/MQGasSensors},
	number = {},
	urldate = {2017-12-20},
	journal = {},
	author = {},
	year = {},
	pages = {},
	file = {}
}
@article{Datasheet,
	title = {MQ Gas sensors},
	volume = {},
	url = {https://www.mouser.com/ds/2/321/605-00008-MQ-2-Datasheet-370464.pdf},
	number = {},
	urldate = {2017-12-20},
	journal = {},
	author = {},
	year = {},
	pages = {},
	file = {}
}
