% Encoding: UTF-8

@Misc{Web_2,
  author    = {Wikipedia},
  title     = {Web 2.0},
  timestamp = {2017-12-12},
  url       = {https://en.wikipedia.org/wiki/Web_2.0},
}

@Misc{MQ_Sensoren,
  author    = {Arduino},
  title     = {MQGasSensor},
  timestamp = {2017-12-12},
  url       = {https://playground.arduino.cc/Main/MQGasSensors},
}

@Misc{MQ_Datasheet,
  author    = {HANWEI ELETRONICS CO.,LTD},
  title     = {TECHNICAL DATA MQ-2 GAS SENSOR},
  timestamp = {2017-12-12},
  url       = {https://www.mouser.com/ds/2/321/605-00008-MQ-2-Datasheet-370464.pdf},
}

@Misc{Pure_MVC,
  author    = {PureMVC},
  title     = {Implementation Idioms and Best Practices},
  timestamp = {2017-12-12},
  url       = {http://puremvc.org/},
}

@Misc{kopplung,
  author    = {Wikipedia},
  title     = {Lose Kopplung},
  timestamp = {2018-01-18},
  url       = {https://de.wikipedia.org/wiki/Lose_Kopplung},
}

@Misc{kohaesion,
  author    = {Wikipedia},
  title     = {Koh√§sion},
  timestamp = {2018-01-18},
  url       = {https://de.wikipedia.org/wiki/Koh%C3%A4sion_(Informatik)},
}

@Misc{MVC,
  author    = {Wikipedia},
  title     = {Model View Controllers},
  timestamp = {2018-01-18},
  url       = {https://de.wikipedia.org/wiki/Model_View_Controller},
}

@Misc{CRUD,
  author = {Wikipedia},
  title  = {CRUD},
  url    = {https://de.wikipedia.org/wiki/CRUD},
}

@Misc{W3C,
  title = {World Wide Web Consortium},
  url   = {https://www.w3.org/},
}

@Misc{WHATWG,
  title = {Web Hypertext Application Technology Working Group},
  url   = {https://whatwg.org/},
}

@Misc{W3schools,
  title = {W3schools},
  url   = {https://www.w3schools.com/},
}

@Misc{Restt,
  author    = {Budi Irwan},
  title     = {Setup RESTful API in Yii2},
  month     = jul,
  year      = {2014},
  timestamp = {2018-02-08},
  url       = {http://budiirawan.com/setup-restful-api-yii2/},
}

@Misc{CCS811man,
  author = {Dean Miller},
  title  = {Adafruit CCS811 Air Quality Sensor},
  month  = jan,
  year   = {2018},
  url    = {https://cdn-learn.adafruit.com/downloads/pdf/adafruit-ccs811-air-quality-sensor.pdf},
}

@Misc{SG90tut,
  author = {Calin Dragos},
  title  = {Tutorial: How To Control the Tower Pro SG90 Servo with Arduino UNO},
  month  = oct,
  year   = {2},
  url    = {https://www.intorobotics.com/tutorial-how-to-control-the-tower-pro-sg90-servo-with-arduino-uno/},
}

@Misc{DHTtut,
  author = {Adafruit},
  title  = {DHT-sensor-library},
  month  = jun,
  year   = {2016},
  url    = {https://github.com/adafruit/DHT-sensor-library},
}

<<<<<<< HEAD
@Misc{ArdAgra,
  author = {Thomas Fischer},
  title  = {Arduino Projekte in der Landwirtschaft und Fischzucht},
  month  = jun,
  year   = {2017},
  url    = {https://www.expertenderit.de/blog/arduino-projekte-in-der-landwirtschaft-und-fischzucht},
=======
@Misc{esp8266,
  title     = {ESP8266 Library},
  timestamp = {2018-03-21},
  url       = {https://github.com/esp8266/Arduino},
}

@Misc{laravel,
  title     = {Larvel Documentation},
  timestamp = {2018-03-21},
  url       = {https://laravel.com/docs/5.6},
>>>>>>> 29e9cd106eabb3e649d693a2af0d0b3a7e569dcf
}

@Comment{jabref-meta: databaseType:bibtex;}
